@book{Bollobas,
    author    = "Béla Bollobás",
    title     = "Modern Graph Theory",
    year      = "1998",
    publisher = "Springer Science+Business Media, Inc."
}


@book{Bondy,
    author    = "J. A. Bondy and U. S. R Murty",
    title     = "Graph Theory with Applications",
    year      = "1976",
    publisher = "Elsevier Science Publishing"
}

@book{Kitaev,
    author    = "Sergey Kitaev and Vadim Lozin",
    title     = "Words and Graphs",
    year      = "2015",
    publisher = "Springer",
    edition = 1
}

@Article{ Corneil,
	Author	= "D.G. Corneil and H. Lerchs and L. Stewart Burlingham",
	Title	=  "Complement Reducible Cographs",
	Journal	= "Discrete Applied Mathematics",
	Volume	= "3",
	Pages	= "163-174",
	Year	= 1981 }

@Article{ Farrugia,
	Author	= "Alastair Farrugia",
	Title	=  "Vertex-Partitioning into fixed additive induced-hereditary properties is NP-hard",
	Journal	= "The Electronic Journal of Combinatorics",
	Volume	= "11",
	Year	= 2004,
	note = {Article number: R46}
	}

@Article{ Damaschke,
	Author	= "Peter Damaschke",
	Title	=  "Induced Subgraphs and Well-Quasi-Ordering",
	Journal	= "Journal of Graph Theory",
	Volume	= "14",
	Pages	= "427-435",
	Year	= 1990 }

@Article{ Hell01,
	Author	= "Pavol Hell",
	Title	=  "Graph partitions with prescribed patterns",
	Journal	= "European Journal of Combinatorics",
	Volume	= "35",
	Pages	= "335-353",
	Year	= 2014 }

@Article{ Hell02,
	Author	= "Tomás Feder and Pavol Hell and Winfried Hochstattler",
	Title	=  "Generalized Colourings (Matrix Partitions) of Cographs",
	Journal	= "Trends in Mathematics",
	Volume	= "",
	Pages	= "149-167",
	Year	= 2006 }

@Article{ Ekim,
	Author	= "T. Ekim and N.V.R. Mahadev and D. de Werra",
	Title	=  "Polar Cographs",
	Journal	= "Discrete Applied Mathematics",
	Volume	= "156",
	Pages	= "1652-1660",
	Year	= 2008 }

@Article{ Hell03,
	Author	= "Pavol Hell and César Hernández Cruz and Cláudia Linhares Sales",
	Title	=  "Minimal obstructions to 2-polar cographs",
	Journal	= "Discrete Applied Mathematics",
	Volume	= "261",
	Pages	= "219-228",
	Year	= 2019 }

@Article{ Fernando,
	Author	= "Fernando Esteban Cotreras-Mendoza and César Hernández Cruz",
	Title	=  "Minimal obstructions to (s,1)-polarity in cographs",
	Journal	= "Discrete Applied Mathematics",
	Year	= 2018,
    note = "\url{https://doi.org/10.1016/j.dam.2018.11.028}"
	}

@Article{ Jones,
	Author	= "Átila A. Jones and Fábio Protti and Renata R. Del-Vecchio",
	Title	=  "Cograph generation with linear delay",
	Journal	= "Theorical Computer Science",
	Volume	= "713",
	Pages	= "1-10",
	Year	= 2018 }

@Article{ Quintao,
	Author	= "Fernando Magno Quintao Pereira and Jens Palsberg",
	Title	=  "Register Allocation via Coloring of Chordal Graphs",
	Journal	= "APLAS 2005",
	Volume	= "",
	Pages	= "315-329",
	Year	= 2005 }

@Article{ Corneil02,
	Author	= "D.G. Corneil and Y. Perl and L.K. Stewart",
	Title	=  "A Linear Recognition Algorithm for Cographs",
	Journal	= "SIAM Journal on Computing",
	Volume	= "14",
	Pages	= "926-934",
	Year	= 1985 }

@Article{ Hell04,
	Author	= "Tomás Feder and Pavol Hell",
	Title	=  "Matrix Partitions of Perfect Graphs",
	Journal	= "Discrete Applied Mathematics",
	Volume	= "306",
	Pages	= "2450-2460",
	Year	= 2006 }

@Article{ Olariu,
	Author	= "Stephan Olariu",
	Title	=  "Paw-Free Graphs",
	Journal	= "Information Processing Letters",
	Volume	= "28",
	Pages	= "53-54",
	Year	= 2988 }
